%% This BibTeX bibliography file was created using BibDesk.
%% http://bibdesk.sourceforge.net/


%% Created for Natalie Cooper at 2017-05-24 13:57:58 +0100 


%% Saved with string encoding Unicode (UTF-8) 



@article{robinson2009travelling,
	Author = {Robinson, Robert A and Crick, Humphrey QP and Learmonth, Jennifer A and Maclean, Ilya and Thomas, Chris D and Bairlein, Franz and Forchhammer, Mads C and Francis, Charles M and Gill, Jennifer A and Godley, Brendan J and others},
	Date-Added = {2017-05-24 12:57:52 +0000},
	Date-Modified = {2017-05-24 12:57:52 +0000},
	Journal = {Endangered Species Research},
	Number = {2},
	Pages = {87--99},
	Publisher = {Inter-Research},
	Title = {Travelling through a warming world: climate change and migratory species},
	Volume = {7},
	Year = {2009}}

@article{runge2014conserving,
	Author = {Runge, Claire A and Martin, Tara G and Possingham, Hugh P and Willis, Stephen G and Fuller, Richard A},
	Date-Added = {2017-05-24 12:55:59 +0000},
	Date-Modified = {2017-05-24 12:55:59 +0000},
	Journal = {Frontiers in Ecology and the Environment},
	Number = {7},
	Pages = {395--402},
	Publisher = {Wiley Online Library},
	Title = {Conserving mobile species},
	Volume = {12},
	Year = {2014}}
